%YAML 1.1
%TAG !u! tag:unity3d.com,2011:
--- !u!1 &104474
GameObject:
  m_ObjectHideFlags: 0
  m_PrefabParentObject: {fileID: 0}
  m_PrefabInternal: {fileID: 100100000}
  serializedVersion: 4
  m_Component:
  - 4: {fileID: 497846}
  - 33: {fileID: 3304876}
  - 23: {fileID: 2370582}
  - 65: {fileID: 6587152}
  - 114: {fileID: 11429096}
  - 114: {fileID: 11468782}
  - 114: {fileID: 11401110}
  - 82: {fileID: 8204958}
  - 82: {fileID: 8241118}
  - 114: {fileID: 11457902}
  m_Layer: 8
  m_Name: MeleeWeaponParticle
  m_TagString: Weapon
  m_Icon: {fileID: 0}
  m_NavMeshLayer: 0
  m_StaticEditorFlags: 0
  m_IsActive: 1
--- !u!4 &497846
Transform:
  m_ObjectHideFlags: 1
  m_PrefabParentObject: {fileID: 0}
  m_PrefabInternal: {fileID: 100100000}
  m_GameObject: {fileID: 104474}
  m_LocalRotation: {x: 0, y: 0, z: 0, w: 1}
  m_LocalPosition: {x: 0, y: 0, z: 0}
  m_LocalScale: {x: 1, y: 1, z: 1}
  m_LocalEulerAnglesHint: {x: 0, y: 0, z: 0}
  m_Children: []
  m_Father: {fileID: 0}
  m_RootOrder: 0
--- !u!23 &2370582
MeshRenderer:
  m_ObjectHideFlags: 1
  m_PrefabParentObject: {fileID: 0}
  m_PrefabInternal: {fileID: 100100000}
  m_GameObject: {fileID: 104474}
  m_Enabled: 1
  m_CastShadows: 1
  m_ReceiveShadows: 1
  m_MotionVectors: 1
  m_LightProbeUsage: 1
  m_ReflectionProbeUsage: 1
  m_Materials:
  - {fileID: 2100000, guid: 853a787c2e9e337458668dccf894345d, type: 2}
  m_SubsetIndices: 
  m_StaticBatchRoot: {fileID: 0}
  m_ProbeAnchor: {fileID: 0}
  m_LightProbeVolumeOverride: {fileID: 0}
  m_ScaleInLightmap: 1
  m_PreserveUVs: 0
  m_IgnoreNormalsForChartDetection: 0
  m_ImportantGI: 0
  m_SelectedWireframeHidden: 0
  m_MinimumChartSize: 4
  m_AutoUVMaxDistance: 0.5
  m_AutoUVMaxAngle: 89
  m_LightmapParameters: {fileID: 0}
  m_SortingLayerID: 0
  m_SortingOrder: 0
--- !u!33 &3304876
MeshFilter:
  m_ObjectHideFlags: 1
  m_PrefabParentObject: {fileID: 0}
  m_PrefabInternal: {fileID: 100100000}
  m_GameObject: {fileID: 104474}
  m_Mesh: {fileID: 4300000, guid: 9ece8def8350ff3439c71e8dd7f3ea4b, type: 3}
--- !u!65 &6587152
BoxCollider:
  m_ObjectHideFlags: 1
  m_PrefabParentObject: {fileID: 0}
  m_PrefabInternal: {fileID: 100100000}
  m_GameObject: {fileID: 104474}
  m_Material: {fileID: 0}
  m_IsTrigger: 1
  m_Enabled: 0
  serializedVersion: 2
  m_Size: {x: 0.077655576, y: 1.2122867, z: 0.9253781}
  m_Center: {x: -0.00001874566, y: 0.65619236, z: -0.0009298399}
--- !u!82 &8204958
AudioSource:
  m_ObjectHideFlags: 1
  m_PrefabParentObject: {fileID: 0}
  m_PrefabInternal: {fileID: 100100000}
  m_GameObject: {fileID: 104474}
  m_Enabled: 1
  serializedVersion: 4
  OutputAudioMixerGroup: {fileID: 0}
  m_audioClip: {fileID: 0}
  m_PlayOnAwake: 0
  m_Volume: 1
  m_Pitch: 1
  Loop: 0
  Mute: 1
  Spatialize: 0
  Priority: 128
  DopplerLevel: 1
  MinDistance: 1
  MaxDistance: 500
  Pan2D: 0
  rolloffMode: 0
  BypassEffects: 0
  BypassListenerEffects: 0
  BypassReverbZones: 0
  rolloffCustomCurve:
    serializedVersion: 2
    m_Curve:
    - time: 0
      value: 1
      inSlope: 0
      outSlope: 0
      tangentMode: 0
    - time: 1
      value: 0
      inSlope: 0
      outSlope: 0
      tangentMode: 0
    m_PreInfinity: 2
    m_PostInfinity: 2
    m_RotationOrder: 4
  panLevelCustomCurve:
    serializedVersion: 2
    m_Curve:
    - time: 0
      value: 0
      inSlope: 0
      outSlope: 0
      tangentMode: 0
    m_PreInfinity: 2
    m_PostInfinity: 2
    m_RotationOrder: 0
  spreadCustomCurve:
    serializedVersion: 2
    m_Curve:
    - time: 0
      value: 0
      inSlope: 0
      outSlope: 0
      tangentMode: 0
    m_PreInfinity: 2
    m_PostInfinity: 2
    m_RotationOrder: 4
  reverbZoneMixCustomCurve:
    serializedVersion: 2
    m_Curve:
    - time: 0
      value: 1
      inSlope: 0
      outSlope: 0
      tangentMode: 0
    m_PreInfinity: 2
    m_PostInfinity: 2
    m_RotationOrder: 0
--- !u!82 &8241118
AudioSource:
  m_ObjectHideFlags: 1
  m_PrefabParentObject: {fileID: 0}
  m_PrefabInternal: {fileID: 100100000}
  m_GameObject: {fileID: 104474}
  m_Enabled: 1
  serializedVersion: 4
  OutputAudioMixerGroup: {fileID: 0}
  m_audioClip: {fileID: 0}
  m_PlayOnAwake: 0
  m_Volume: 1
  m_Pitch: 1
  Loop: 0
  Mute: 1
  Spatialize: 0
  Priority: 128
  DopplerLevel: 1
  MinDistance: 1
  MaxDistance: 500
  Pan2D: 0
  rolloffMode: 0
  BypassEffects: 0
  BypassListenerEffects: 0
  BypassReverbZones: 0
  rolloffCustomCurve:
    serializedVersion: 2
    m_Curve:
    - time: 0
      value: 1
      inSlope: 0
      outSlope: 0
      tangentMode: 0
    - time: 1
      value: 0
      inSlope: 0
      outSlope: 0
      tangentMode: 0
    m_PreInfinity: 2
    m_PostInfinity: 2
    m_RotationOrder: 4
  panLevelCustomCurve:
    serializedVersion: 2
    m_Curve:
    - time: 0
      value: 0
      inSlope: 0
      outSlope: 0
      tangentMode: 0
    m_PreInfinity: 2
    m_PostInfinity: 2
    m_RotationOrder: 0
  spreadCustomCurve:
    serializedVersion: 2
    m_Curve:
    - time: 0
      value: 0
      inSlope: 0
      outSlope: 0
      tangentMode: 0
    m_PreInfinity: 2
    m_PostInfinity: 2
    m_RotationOrder: 4
  reverbZoneMixCustomCurve:
    serializedVersion: 2
    m_Curve:
    - time: 0
      value: 1
      inSlope: 0
      outSlope: 0
      tangentMode: 0
    m_PreInfinity: 2
    m_PostInfinity: 2
    m_RotationOrder: 0
--- !u!114 &11401110
MonoBehaviour:
  m_ObjectHideFlags: 1
  m_PrefabParentObject: {fileID: 0}
  m_PrefabInternal: {fileID: 100100000}
  m_GameObject: {fileID: 104474}
  m_Enabled: 0
  m_EditorHideFlags: 0
  m_Script: {fileID: 11500000, guid: 510c6bb654d0d664194c38f7c6fa3dc3, type: 3}
  m_Name: 
  m_EditorClassIdentifier: 
  EffectPrefab: {fileID: 0}
  currentExp: 0
  totalExpForLevelBase: 25
  weaponAttackPerLevel: 1
  ScaleChangePerLevel: 1.18
--- !u!114 &11429096
MonoBehaviour:
  m_ObjectHideFlags: 1
  m_PrefabParentObject: {fileID: 0}
  m_PrefabInternal: {fileID: 100100000}
  m_GameObject: {fileID: 104474}
  m_Enabled: 0
  m_EditorHideFlags: 0
  m_Script: {fileID: 11500000, guid: 86ccfabf81ccb614fb77865f29c9eb42, type: 3}
  m_Name: 
  m_EditorClassIdentifier: 
  m_AttackForce: 15
  m_AttackRate: 0.65
  m_MaxWeaponEffects: 0
  m_WeaponEffects: []
  m_TargetTag: Enemy
  m_damage: 0
  m_attackSpeed: 0
--- !u!114 &11457902
MonoBehaviour:
  m_ObjectHideFlags: 1
  m_PrefabParentObject: {fileID: 0}
  m_PrefabInternal: {fileID: 100100000}
  m_GameObject: {fileID: 104474}
  m_Enabled: 0
  m_EditorHideFlags: 0
  m_Script: {fileID: 11500000, guid: 92829ed38275c764398b2cea628ce11d, type: 3}
  m_Name: 
  m_EditorClassIdentifier: 
  m_ChangeWeaponDialog: {fileID: 0}
  m_StoreWeaponDialog: {fileID: 0}
  m_WeaponStatPopupPrefab: {fileID: 168200, guid: 0b011e7f2b0e30945b8fb057825f9354,
    type: 2}
--- !u!114 &11468782
MonoBehaviour:
  m_ObjectHideFlags: 1
  m_PrefabParentObject: {fileID: 0}
  m_PrefabInternal: {fileID: 100100000}
  m_GameObject: {fileID: 104474}
  m_Enabled: 1
  m_EditorHideFlags: 0
  m_Script: {fileID: 11500000, guid: 559b08dbdd4af874b8775d42a9cd0f5e, type: 3}
  m_Name: 
  m_EditorClassIdentifier: 
  m_Rarity: 0
  m_LevelUnlock: 1
  m_levelCap: 22
  m_weaponLevel: 1
  m_knockBackForce: 750
  m_damage: 3
  m_attackRate: 3.5
  m_WeaponType: 0
  m_clipSize: 0
  m_currentClip: 0
  m_reloadTime: 0
  m_score: 0
  m_lvlOneDmg: 0
  m_baseLevelCap: 22
  m_baseKnockBackForce: 750
  m_baseDamage: 3
  m_baseAttackRate: 1.3
  m_baseClipSize: 0
  m_baseReloadTime: 0
  m_KnockBackVarience:
    x: 0
    y: 0
  m_ClipSizeVarience:
    x: 0
    y: 0
  m_DamageVarience: {x: 0, y: 4}
  m_AttackRateVarience: {x: 0, y: 1.2}
  m_ReloadTimeVarience: {x: 0, y: 0}
  batonTextures:
  - {fileID: 2800000, guid: baec8b91ca688764cb1ff6c669277efa, type: 3}
  - {fileID: 2800000, guid: 3353a566ff0103345b737dd0e84bdcbf, type: 3}
  - {fileID: 2800000, guid: 6a968ef9f264f1046a83247be00ec78a, type: 3}
  - {fileID: 2800000, guid: 1806c796df1c287498b1da2d479f7a6b, type: 3}
  - {fileID: 2800000, guid: 9d97460e2ecefad41a70a056290c81db, type: 3}
  swordTextures: []
--- !u!1001 &100100000
Prefab:
  m_ObjectHideFlags: 1
  serializedVersion: 2
  m_Modification:
    m_TransformParent: {fileID: 0}
    m_Modifications: []
    m_RemovedComponents: []
  m_ParentPrefab: {fileID: 0}
  m_RootGameObject: {fileID: 104474}
  m_IsPrefabParent: 1
